%YAML 1.1
%TAG !u! tag:unity3d.com,2011:
--- !u!1 &290756398
GameObject:
  m_ObjectHideFlags: 0
  m_CorrespondingSourceObject: {fileID: 0}
  m_PrefabInstance: {fileID: 0}
  m_PrefabAsset: {fileID: 0}
  serializedVersion: 6
  m_Component:
  - component: {fileID: 290756399}
  m_Layer: 0
  m_Name: Health ui target
  m_TagString: Untagged
  m_Icon: {fileID: 0}
  m_NavMeshLayer: 0
  m_StaticEditorFlags: 0
  m_IsActive: 1
--- !u!4 &290756399
Transform:
  m_ObjectHideFlags: 0
  m_CorrespondingSourceObject: {fileID: 0}
  m_PrefabInstance: {fileID: 0}
  m_PrefabAsset: {fileID: 0}
  m_GameObject: {fileID: 290756398}
  m_LocalRotation: {x: -0, y: -0, z: -0, w: 1}
  m_LocalPosition: {x: -0, y: 2, z: 2}
  m_LocalScale: {x: 1, y: 1, z: 1}
  m_Children: []
  m_Father: {fileID: 1331350053179871330}
  m_RootOrder: 1
  m_LocalEulerAnglesHint: {x: 0, y: 0, z: 0}
--- !u!114 &1201563129
MonoBehaviour:
  m_ObjectHideFlags: 0
  m_CorrespondingSourceObject: {fileID: 0}
  m_PrefabInstance: {fileID: 0}
  m_PrefabAsset: {fileID: 0}
  m_GameObject: {fileID: 1331350053179871328}
  m_Enabled: 1
  m_EditorHideFlags: 0
  m_Script: {fileID: 11500000, guid: 8a8570f210d5cef498074d4fe90d403f, type: 3}
  m_Name: 
  m_EditorClassIdentifier: 
  m_EventMask:
    serializedVersion: 2
    m_Bits: 32
--- !u!1001 &3390072914315849322
PrefabInstance:
  m_ObjectHideFlags: 0
  serializedVersion: 2
  m_Modification:
    m_TransformParent: {fileID: 1331350053179871330}
    m_Modifications:
    - target: {fileID: 4385012066840173515, guid: ef3387f7eb9693c47b6c38306bd4eb9d,
        type: 3}
      propertyPath: m_Name
      value: Score Canvas
      objectReference: {fileID: 0}
    - target: {fileID: 713414553842635715, guid: ef3387f7eb9693c47b6c38306bd4eb9d,
        type: 3}
      propertyPath: m_LocalPosition.x
      value: 0
      objectReference: {fileID: 0}
    - target: {fileID: 713414553842635715, guid: ef3387f7eb9693c47b6c38306bd4eb9d,
        type: 3}
      propertyPath: m_LocalPosition.y
      value: 0
      objectReference: {fileID: 0}
    - target: {fileID: 713414553842635715, guid: ef3387f7eb9693c47b6c38306bd4eb9d,
        type: 3}
      propertyPath: m_LocalPosition.z
      value: 2.74
      objectReference: {fileID: 0}
    - target: {fileID: 713414553842635715, guid: ef3387f7eb9693c47b6c38306bd4eb9d,
        type: 3}
      propertyPath: m_LocalRotation.x
      value: 0
      objectReference: {fileID: 0}
    - target: {fileID: 713414553842635715, guid: ef3387f7eb9693c47b6c38306bd4eb9d,
        type: 3}
      propertyPath: m_LocalRotation.y
      value: 0.38268343
      objectReference: {fileID: 0}
    - target: {fileID: 713414553842635715, guid: ef3387f7eb9693c47b6c38306bd4eb9d,
        type: 3}
      propertyPath: m_LocalRotation.z
      value: 0
      objectReference: {fileID: 0}
    - target: {fileID: 713414553842635715, guid: ef3387f7eb9693c47b6c38306bd4eb9d,
        type: 3}
      propertyPath: m_LocalRotation.w
      value: 0.92387956
      objectReference: {fileID: 0}
    - target: {fileID: 713414553842635715, guid: ef3387f7eb9693c47b6c38306bd4eb9d,
        type: 3}
      propertyPath: m_RootOrder
      value: 2
      objectReference: {fileID: 0}
    - target: {fileID: 713414553842635715, guid: ef3387f7eb9693c47b6c38306bd4eb9d,
        type: 3}
      propertyPath: m_LocalEulerAnglesHint.x
      value: 0
      objectReference: {fileID: 0}
    - target: {fileID: 713414553842635715, guid: ef3387f7eb9693c47b6c38306bd4eb9d,
        type: 3}
      propertyPath: m_LocalEulerAnglesHint.y
      value: 45
      objectReference: {fileID: 0}
    - target: {fileID: 713414553842635715, guid: ef3387f7eb9693c47b6c38306bd4eb9d,
        type: 3}
      propertyPath: m_LocalEulerAnglesHint.z
      value: 0
      objectReference: {fileID: 0}
    - target: {fileID: 713414553842635715, guid: ef3387f7eb9693c47b6c38306bd4eb9d,
        type: 3}
      propertyPath: m_AnchoredPosition.x
      value: 2.09
      objectReference: {fileID: 0}
    - target: {fileID: 713414553842635715, guid: ef3387f7eb9693c47b6c38306bd4eb9d,
        type: 3}
      propertyPath: m_AnchoredPosition.y
      value: -0.834
      objectReference: {fileID: 0}
    - target: {fileID: 713414553842635715, guid: ef3387f7eb9693c47b6c38306bd4eb9d,
        type: 3}
      propertyPath: m_SizeDelta.x
      value: 300
      objectReference: {fileID: 0}
    - target: {fileID: 713414553842635715, guid: ef3387f7eb9693c47b6c38306bd4eb9d,
        type: 3}
      propertyPath: m_SizeDelta.y
      value: 120
      objectReference: {fileID: 0}
    - target: {fileID: 713414553842635715, guid: ef3387f7eb9693c47b6c38306bd4eb9d,
        type: 3}
      propertyPath: m_AnchorMin.x
      value: 0.5
      objectReference: {fileID: 0}
    - target: {fileID: 713414553842635715, guid: ef3387f7eb9693c47b6c38306bd4eb9d,
        type: 3}
      propertyPath: m_AnchorMin.y
      value: 0.5
      objectReference: {fileID: 0}
    - target: {fileID: 713414553842635715, guid: ef3387f7eb9693c47b6c38306bd4eb9d,
        type: 3}
      propertyPath: m_AnchorMax.x
      value: 0.5
      objectReference: {fileID: 0}
    - target: {fileID: 713414553842635715, guid: ef3387f7eb9693c47b6c38306bd4eb9d,
        type: 3}
      propertyPath: m_AnchorMax.y
      value: 0.5
      objectReference: {fileID: 0}
    - target: {fileID: 713414553842635715, guid: ef3387f7eb9693c47b6c38306bd4eb9d,
        type: 3}
      propertyPath: m_Pivot.x
      value: 0.5
      objectReference: {fileID: 0}
    - target: {fileID: 713414553842635715, guid: ef3387f7eb9693c47b6c38306bd4eb9d,
        type: 3}
      propertyPath: m_Pivot.y
      value: 0.5
      objectReference: {fileID: 0}
    - target: {fileID: 7937227710134272150, guid: ef3387f7eb9693c47b6c38306bd4eb9d,
        type: 3}
      propertyPath: m_Target
      value: 
      objectReference: {fileID: 506017327556110447}
    - target: {fileID: 8954140526711558932, guid: ef3387f7eb9693c47b6c38306bd4eb9d,
        type: 3}
      propertyPath: m_AnchorMin.y
      value: 0
      objectReference: {fileID: 0}
    - target: {fileID: 8954140526711558932, guid: ef3387f7eb9693c47b6c38306bd4eb9d,
        type: 3}
      propertyPath: m_AnchorMax.y
      value: 0
      objectReference: {fileID: 0}
    - target: {fileID: 8954140526711558932, guid: ef3387f7eb9693c47b6c38306bd4eb9d,
        type: 3}
      propertyPath: m_AnchoredPosition.x
      value: 0
      objectReference: {fileID: 0}
    - target: {fileID: 8954140526711558932, guid: ef3387f7eb9693c47b6c38306bd4eb9d,
        type: 3}
      propertyPath: m_AnchoredPosition.y
      value: 0
      objectReference: {fileID: 0}
    - target: {fileID: 8954140526711558932, guid: ef3387f7eb9693c47b6c38306bd4eb9d,
        type: 3}
      propertyPath: m_SizeDelta.x
      value: 0
      objectReference: {fileID: 0}
    - target: {fileID: 8954140526711558932, guid: ef3387f7eb9693c47b6c38306bd4eb9d,
        type: 3}
      propertyPath: m_SizeDelta.y
      value: 0
      objectReference: {fileID: 0}
    - target: {fileID: 6483506756473829689, guid: ef3387f7eb9693c47b6c38306bd4eb9d,
        type: 3}
      propertyPath: m_Camera
      value: 
      objectReference: {fileID: 506017327556110416}
    - target: {fileID: 6149334302118681215, guid: ef3387f7eb9693c47b6c38306bd4eb9d,
        type: 3}
      propertyPath: m_havePropertiesChanged
      value: 0
      objectReference: {fileID: 0}
    - target: {fileID: 6149334302118681215, guid: ef3387f7eb9693c47b6c38306bd4eb9d,
        type: 3}
      propertyPath: m_isInputParsingRequired
      value: 0
      objectReference: {fileID: 0}
    - target: {fileID: 6149334302118681215, guid: ef3387f7eb9693c47b6c38306bd4eb9d,
        type: 3}
      propertyPath: m_sharedMaterial
      value: 
      objectReference: {fileID: 2100000, guid: e73a58f6e2794ae7b1b7e50b7fb811b0, type: 2}
    m_RemovedComponents: []
  m_SourcePrefab: {fileID: 100100000, guid: ef3387f7eb9693c47b6c38306bd4eb9d, type: 3}
--- !u!1001 &3556703704941336799
PrefabInstance:
  m_ObjectHideFlags: 0
  serializedVersion: 2
  m_Modification:
    m_TransformParent: {fileID: 0}
    m_Modifications:
    - target: {fileID: 2531609018051578047, guid: b4bf9d6c4791f4145a16e528d1749fdf,
        type: 3}
      propertyPath: m_Name
      value: MacePlayer Variant
      objectReference: {fileID: 0}
    - target: {fileID: 2531609018051578045, guid: b4bf9d6c4791f4145a16e528d1749fdf,
        type: 3}
      propertyPath: m_LocalPosition.x
      value: 0
      objectReference: {fileID: 0}
    - target: {fileID: 2531609018051578045, guid: b4bf9d6c4791f4145a16e528d1749fdf,
        type: 3}
      propertyPath: m_LocalPosition.y
      value: 0
      objectReference: {fileID: 0}
    - target: {fileID: 2531609018051578045, guid: b4bf9d6c4791f4145a16e528d1749fdf,
        type: 3}
      propertyPath: m_LocalPosition.z
      value: 0
      objectReference: {fileID: 0}
    - target: {fileID: 2531609018051578045, guid: b4bf9d6c4791f4145a16e528d1749fdf,
        type: 3}
      propertyPath: m_LocalRotation.x
      value: 0
      objectReference: {fileID: 0}
    - target: {fileID: 2531609018051578045, guid: b4bf9d6c4791f4145a16e528d1749fdf,
        type: 3}
      propertyPath: m_LocalRotation.y
      value: 0
      objectReference: {fileID: 0}
    - target: {fileID: 2531609018051578045, guid: b4bf9d6c4791f4145a16e528d1749fdf,
        type: 3}
      propertyPath: m_LocalRotation.z
      value: 0
      objectReference: {fileID: 0}
    - target: {fileID: 2531609018051578045, guid: b4bf9d6c4791f4145a16e528d1749fdf,
        type: 3}
      propertyPath: m_LocalRotation.w
      value: 1
      objectReference: {fileID: 0}
    - target: {fileID: 2531609018051578045, guid: b4bf9d6c4791f4145a16e528d1749fdf,
        type: 3}
      propertyPath: m_RootOrder
      value: 0
      objectReference: {fileID: 0}
    - target: {fileID: 2531609018051578045, guid: b4bf9d6c4791f4145a16e528d1749fdf,
        type: 3}
      propertyPath: m_LocalEulerAnglesHint.x
      value: 0
      objectReference: {fileID: 0}
    - target: {fileID: 2531609018051578045, guid: b4bf9d6c4791f4145a16e528d1749fdf,
        type: 3}
      propertyPath: m_LocalEulerAnglesHint.y
      value: 0
      objectReference: {fileID: 0}
    - target: {fileID: 2531609018051578045, guid: b4bf9d6c4791f4145a16e528d1749fdf,
        type: 3}
      propertyPath: m_LocalEulerAnglesHint.z
      value: 0
      objectReference: {fileID: 0}
    m_RemovedComponents: []
  m_SourcePrefab: {fileID: 100100000, guid: b4bf9d6c4791f4145a16e528d1749fdf, type: 3}
--- !u!1 &1331350053179871328 stripped
GameObject:
  m_CorrespondingSourceObject: {fileID: 2531609018051578047, guid: b4bf9d6c4791f4145a16e528d1749fdf,
    type: 3}
  m_PrefabInstance: {fileID: 3556703704941336799}
  m_PrefabAsset: {fileID: 0}
--- !u!4 &1331350053179871330 stripped
Transform:
  m_CorrespondingSourceObject: {fileID: 2531609018051578045, guid: b4bf9d6c4791f4145a16e528d1749fdf,
    type: 3}
  m_PrefabInstance: {fileID: 3556703704941336799}
  m_PrefabAsset: {fileID: 0}
--- !u!4 &506017327556110447 stripped
Transform:
  m_CorrespondingSourceObject: {fileID: 3917655832014401712, guid: b4bf9d6c4791f4145a16e528d1749fdf,
    type: 3}
  m_PrefabInstance: {fileID: 3556703704941336799}
  m_PrefabAsset: {fileID: 0}
--- !u!20 &506017327556110416 stripped
Camera:
  m_CorrespondingSourceObject: {fileID: 3917655832014401679, guid: b4bf9d6c4791f4145a16e528d1749fdf,
    type: 3}
  m_PrefabInstance: {fileID: 3556703704941336799}
  m_PrefabAsset: {fileID: 0}
