%YAML 1.1
%TAG !u! tag:unity3d.com,2011:
--- !u!241 &24100000
AudioMixerController:
  m_ObjectHideFlags: 0
  m_CorrespondingSourceObject: {fileID: 0}
  m_PrefabInstance: {fileID: 0}
  m_PrefabAsset: {fileID: 0}
  m_Name: Sound Effects
  m_OutputGroup: {fileID: 243401776186188548, guid: b7308203d2df6fe4ea8f26d20c9366fb,
    type: 2}
  m_MasterGroup: {fileID: 24300002}
  m_Snapshots:
  - {fileID: 24500006}
  m_StartSnapshot: {fileID: 24500006}
  m_SuspendThreshold: -80
  m_EnableSuspend: 1
  m_UpdateMode: 0
  m_ExposedParameters: []
  m_AudioMixerGroupViews:
  - guids:
    - 6da2dc3ae7cae5d4ca80b22937fad6e0
    - 10112b1a19ffcfa4ca92692fd9414e33
    - ce464e29f63c27149ae7a12b0c2fbac4
    name: View
  m_CurrentViewIndex: 0
  m_TargetSnapshot: {fileID: 24500006}
--- !u!243 &24300002
AudioMixerGroupController:
  m_ObjectHideFlags: 0
  m_CorrespondingSourceObject: {fileID: 0}
  m_PrefabInstance: {fileID: 0}
  m_PrefabAsset: {fileID: 0}
  m_Name: Master
  m_AudioMixer: {fileID: 24100000}
  m_GroupID: 6da2dc3ae7cae5d4ca80b22937fad6e0
  m_Children:
  - {fileID: 243143497658504356}
  - {fileID: 243497705980694920}
  m_Volume: 3e1ab04a28df2c342a6b103d5319dc78
  m_Pitch: b65933bf66cf73d489ca377101e1b6e0
  m_Effects:
  - {fileID: 24400004}
  m_UserColorIndex: 0
  m_Mute: 0
  m_Solo: 0
  m_BypassEffects: 0
--- !u!244 &24400004
AudioMixerEffectController:
  m_ObjectHideFlags: 3
  m_CorrespondingSourceObject: {fileID: 0}
  m_PrefabInstance: {fileID: 0}
  m_PrefabAsset: {fileID: 0}
  m_Name: 
  m_EffectID: 6abc799dd5b9898489d8fdacc9fd41b5
  m_EffectName: Attenuation
  m_MixLevel: e3a08e6ce806f9447a8acbfe04fde488
  m_Parameters: []
  m_SendTarget: {fileID: 0}
  m_EnableWetMix: 0
  m_Bypass: 0
--- !u!245 &24500006
AudioMixerSnapshotController:
  m_ObjectHideFlags: 0
  m_CorrespondingSourceObject: {fileID: 0}
  m_PrefabInstance: {fileID: 0}
  m_PrefabAsset: {fileID: 0}
  m_Name: Snapshot
  m_AudioMixer: {fileID: 24100000}
  m_SnapshotID: 6609435e493a57f48b445afb50adc33f
  m_FloatValues:
    48f5e3ffdb629b948a7068a7ce9b8e61: -2.018035
  m_TransitionOverrides: {}
--- !u!243 &243143497658504356
AudioMixerGroupController:
  m_ObjectHideFlags: 0
  m_CorrespondingSourceObject: {fileID: 0}
  m_PrefabInstance: {fileID: 0}
  m_PrefabAsset: {fileID: 0}
  m_Name: Impacts
  m_AudioMixer: {fileID: 24100000}
  m_GroupID: 10112b1a19ffcfa4ca92692fd9414e33
  m_Children: []
  m_Volume: 48f5e3ffdb629b948a7068a7ce9b8e61
  m_Pitch: 05393763df248184a814891699bfc960
  m_Effects:
  - {fileID: 244801617750161602}
  m_UserColorIndex: 0
  m_Mute: 0
  m_Solo: 0
  m_BypassEffects: 0
--- !u!243 &243497705980694920
AudioMixerGroupController:
  m_ObjectHideFlags: 0
  m_CorrespondingSourceObject: {fileID: 0}
  m_PrefabInstance: {fileID: 0}
  m_PrefabAsset: {fileID: 0}
  m_Name: Game Sounds
  m_AudioMixer: {fileID: 24100000}
  m_GroupID: ce464e29f63c27149ae7a12b0c2fbac4
  m_Children: []
  m_Volume: fbbd989d39f70e14d9bd8269b7667a69
  m_Pitch: 1e09708114f1b6a48806dbec15df3b5b
  m_Effects:
  - {fileID: 244562369450409596}
  m_UserColorIndex: 0
  m_Mute: 0
  m_Solo: 0
  m_BypassEffects: 0
--- !u!244 &244562369450409596
AudioMixerEffectController:
  m_ObjectHideFlags: 3
  m_CorrespondingSourceObject: {fileID: 0}
  m_PrefabInstance: {fileID: 0}
  m_PrefabAsset: {fileID: 0}
  m_Name: 
  m_EffectID: a6d7a2bcad567ba4886423ce746ed2c5
  m_EffectName: Attenuation
  m_MixLevel: 9fb86ffdbc9691d42940798622ab61da
  m_Parameters: []
  m_SendTarget: {fileID: 0}
  m_EnableWetMix: 0
  m_Bypass: 0
--- !u!244 &244801617750161602
AudioMixerEffectController:
  m_ObjectHideFlags: 3
  m_CorrespondingSourceObject: {fileID: 0}
  m_PrefabInstance: {fileID: 0}
  m_PrefabAsset: {fileID: 0}
  m_Name: 
  m_EffectID: 4146a2e1a31238c448a7cb45bc958322
  m_EffectName: Attenuation
  m_MixLevel: d67420a6cbe0b5244b10437febcc0bab
  m_Parameters: []
  m_SendTarget: {fileID: 0}
  m_EnableWetMix: 0
  m_Bypass: 0
